<record><leader>00000cas a22000007a 4500</leader><controlfield tag="001">14438811</controlfield><controlfield tag="008">861020d19401957msuwr ne      0    0eng d</controlfield><datafield ind1=" " ind2=" " tag="010"><subfield code="a">sn 86074102 </subfield></datafield><datafield ind1=" " ind2=" " tag="040"><subfield code="a">MJA</subfield><subfield code="b">eng</subfield><subfield code="c">MJA</subfield><subfield code="d">MSJ</subfield><subfield code="d">NSD</subfield><subfield code="d">MSJ</subfield><subfield code="d">OCLCQ</subfield></datafield><datafield ind1=" " ind2=" " tag="042"><subfield code="a">msc</subfield></datafield><datafield ind1="0" ind2=" " tag="130"><subfield code="a">Amory news-advertiser (Amory, Miss. : 1940)</subfield></datafield><datafield ind1="1" ind2="0" tag="245"><subfield code="a">Amory news-advertiser.</subfield></datafield><datafield ind1=" " ind2=" " tag="260"><subfield code="a">Amory, Miss. :</subfield><subfield code="b">Theron D. Hardin,</subfield><subfield code="c">1940-1957.</subfield></datafield><datafield ind1=" " ind2=" " tag="300"><subfield code="a">v.</subfield></datafield><datafield ind1=" " ind2=" " tag="310"><subfield code="a">Weekly</subfield></datafield><datafield ind1="0" ind2=" " tag="362"><subfield code="a">Vol. 23, no. 8 (May 2, 1940)-v. 28, no. 39 (Jan. 17, 1957).</subfield></datafield><datafield ind1=" " ind2=" " tag="580"><subfield code="a">Formed by the union of: Amory news (Amory, Miss. : 1932), and: Amory advertiser (Amory, Miss. : 1932).</subfield></datafield><datafield ind1=" " ind2=" " tag="752"><subfield code="a">United States</subfield><subfield code="b">Mississippi</subfield><subfield code="c">Monroe</subfield><subfield code="d">Amory.</subfield></datafield><datafield ind1="1" ind2="4" tag="780"><subfield code="t">Amory news (Amory, Miss. : 1932)</subfield><subfield code="w">(OCoLC)17001138</subfield></datafield><datafield ind1="1" ind2="4" tag="780"><subfield code="t">Amory advertiser (Amory, Miss. : 1932)</subfield><subfield code="w">(OCoLC)14438758</subfield></datafield><datafield ind1="0" ind2="0" tag="785"><subfield code="t">Amory advertiser (Amory, Miss. : 1957)</subfield><subfield code="x">0899-0085</subfield><subfield code="w">(OCoLC)11652515</subfield></datafield></record>